@InProceedings{dummy,
  Title                    = {Dummytitle.},
  Author                   = {dummyauthor},
  Year                     = {2018},
  Pages                    = {28--0},
  Volume                   = {10}
}
@online{grpc,
  title			   = {gRPC},
  url 			   = {https://grpc.io},
  urldate 		   = {2018-03-08},
}
@online{protobuf,
  title			   = {Google Protocol Buffers},
  url 			   = {https://developers.google.com/protocol-buffers/},
  urldate 		   = {2018-03-08},
}
@online{redis,
  title			   = {Redis},
  url 			   = {https://redis.io/},
  urldate 		   = {2018-03-08},
}

@online{javascript,
  title			   = {Javascript},
  url 			   = {http://en.wikipedia.org/wiki/JavaScript},
  urldate 		   = {2018-03-08},
}

@online{express,
  title			   = {KEYNOTE: Express, State of the Union by Doug Wilson, Express, Video , Web},
  url 			   = {https://www.youtube.com/watch?v=HxGt_3F0ULg},
  urldate 		   = {2018-03-09},
}

@online{bootstrap,
  title			   = {Bootstrap - the worldâ€™s most popular mobile-first and responsive front-end framework.},
  url 			   = {http://getbootstrap.com/},
  urldate 		   = {2018-03-09},
}

@online{visjs,
  title			   = {Visjs},
  url 			   = {http://visjs.org/},
  urldate 		   = {2018-03-09},
}
